@inproceedings{recht2011hogwild,
  title={Hogwild: A lock-free approach to parallelizing stochastic gradient descent},
  author={Recht, Benjamin and Re, Christopher and Wright, Stephen and Niu, Feng},
  booktitle={Advances in Neural Information Processing Systems},
  pages={693--701},
  year={2011}
}

@article{chazan1969chaotic,
  title={Chaotic relaxation},
  author={Chazan, Daniel and Miranker, Willard},
  journal={Linear algebra and its applications},
  volume={2},
  number={2},
  pages={199--222},
  year={1969},
  publisher={Elsevier}
}

@article{tsitsiklis1986distributed,
  title={Distributed asynchronous optimal routing in data networks},
  author={Tsitsiklis, J and Bertsekas, D},
  journal={IEEE Transactions on Automatic Control},
  volume={31},
  number={4},
  pages={325--332},
  year={1986},
  publisher={IEEE}
}

@inproceedings{bertsekas1989convergence,
  title={Convergence rate and termination of asynchronous iterative algorithms},
  author={Bertsekas, Dimitri P and Tsitsiklis, John N},
  booktitle={Proceedings of the 3rd international conference on Supercomputing},
  pages={461--470},
  year={1989},
  organization={ACM}
}

@inproceedings{zinkevich2009slow,
  title={Slow learners are fast},
  author={Zinkevich, Martin and Langford, John and Smola, Alex J},
  booktitle={Advances in Neural Information Processing Systems},
  pages={2331--2339},
  year={2009}
}

@inproceedings{zinkevich2010parallelized,
  title={Parallelized stochastic gradient descent},
  author={Zinkevich, Martin and Weimer, Markus and Li, Lihong and Smola, Alex J},
  booktitle={Advances in neural information processing systems},
  pages={2595--2603},
  year={2010}
}